<mx:collection  xmlns:mx="http://www.loc.gov/MARC21/slim" xmlns="http://www.w3.org/TR/xhtml1/strict">
<mx:record>

<mx:leader>00000cz  a2200037n  45 0</mx:leader>
<mx:controlfield tag="001">fst00000001</mx:controlfield>
<mx:controlfield tag="003">OCoLC</mx:controlfield>
<mx:controlfield tag="005">20171208142050.0</mx:controlfield>
<mx:controlfield tag="008">040924nn anznnbabn          || aaa     d</mx:controlfield>
<mx:datafield tag="016" ind1="7" ind2=" ">
<mx:subfield code="a">fst00000001</mx:subfield>
<mx:subfield code="2">OCoLC</mx:subfield>
</mx:datafield>
<mx:datafield tag="024" ind1="7" ind2=" ">
<mx:subfield code="a">http://id.worldcat.org/fast/1</mx:subfield>
<mx:subfield code="2">uri</mx:subfield>
</mx:datafield>
<mx:datafield tag="040" ind1=" " ind2=" ">
<mx:subfield code="a">OCoLC</mx:subfield>
<mx:subfield code="b">eng</mx:subfield>
<mx:subfield code="c">OCoLC</mx:subfield>
<mx:subfield code="f">fast</mx:subfield>
</mx:datafield>
<mx:datafield tag="100" ind1="1" ind2=" ">
<mx:subfield code="a">Mizner, Addison,</mx:subfield>
<mx:subfield code="d">1872-1933</mx:subfield>
</mx:datafield>
<mx:datafield tag="370" ind1=" " ind2=" ">
<mx:subfield code="a">Benicia (Calif.)</mx:subfield>
<mx:subfield code="b">Palm Beach (Fla.)</mx:subfield>
<mx:subfield code="e">New York (N.Y.)</mx:subfield>
<mx:subfield code="e">Palm Beach (Fla.)</mx:subfield>
<mx:subfield code="f">Boca Raton (Fla.)</mx:subfield>
<mx:subfield code="2">naf</mx:subfield>
</mx:datafield>
<mx:datafield tag="374" ind1=" " ind2=" ">
<mx:subfield code="a">Architects</mx:subfield>
<mx:subfield code="a">Authors</mx:subfield>
<mx:subfield code="a">Artists</mx:subfield>
<mx:subfield code="2">lcsh</mx:subfield>
</mx:datafield>
<mx:datafield tag="378" ind1=" " ind2=" ">
<mx:subfield code="q">Addison Cairns</mx:subfield>
</mx:datafield>
<mx:datafield tag="400" ind1="1" ind2=" ">
<mx:subfield code="a">Mizner, Addison Cairns,</mx:subfield>
<mx:subfield code="d">1872-1933</mx:subfield>
</mx:datafield>
<mx:datafield tag="688" ind1=" " ind2=" ">
<mx:subfield code="a">LC (2022) Subject Usage: 16</mx:subfield>
</mx:datafield>
<mx:datafield tag="688" ind1=" " ind2=" ">
<mx:subfield code="a">WC (2022) Subject Usage: 111</mx:subfield>
</mx:datafield>
<mx:datafield tag="700" ind1="1" ind2="0">
<mx:subfield code="a">Mizner, Addison,</mx:subfield>
<mx:subfield code="d">1872-1933</mx:subfield>
<mx:subfield code="0">(DLC)n  50000009 </mx:subfield>
</mx:datafield>
<mx:datafield tag="700" ind1="0" ind2="4">
<mx:subfield code="a">Addison Mizner</mx:subfield>
<mx:subfield code="0">http://en.wikipedia.org/wiki/Addison_Mizner</mx:subfield>
</mx:datafield>
<mx:datafield tag="700" ind1="1" ind2="0">
<mx:subfield code="a">Mizner, Addison,</mx:subfield>
<mx:subfield code="d">1872-1933</mx:subfield>
<mx:subfield code="0">(viaf)20485481</mx:subfield>
<mx:subfield code="0">https://viaf.org/viaf/20485481</mx:subfield>
</mx:datafield>

</mx:record>