
<mx:record>

<mx:leader>00000cz  a2200037n  45 0</mx:leader>
<mx:controlfield tag="001">fst00000002</mx:controlfield>
<mx:controlfield tag="003">OCoLC</mx:controlfield>
<mx:controlfield tag="005">20230106094931.0</mx:controlfield>
<mx:controlfield tag="008">040924nn anznnbabn          || aaa     d</mx:controlfield>
<mx:datafield tag="016" ind1="7" ind2=" ">
<mx:subfield code="a">fst00000002</mx:subfield>
<mx:subfield code="z">fst01680378</mx:subfield>
<mx:subfield code="2">OCoLC</mx:subfield>
</mx:datafield>
<mx:datafield tag="024" ind1="7" ind2=" ">
<mx:subfield code="a">http://id.worldcat.org/fast/2</mx:subfield>
<mx:subfield code="2">uri</mx:subfield>
</mx:datafield>
<mx:datafield tag="040" ind1=" " ind2=" ">
<mx:subfield code="a">OCoLC</mx:subfield>
<mx:subfield code="b">eng</mx:subfield>
<mx:subfield code="c">OCoLC</mx:subfield>
<mx:subfield code="f">fast</mx:subfield>
</mx:datafield>
<mx:datafield tag="046" ind1=" " ind2=" ">
<mx:subfield code="f">19251013</mx:subfield>
<mx:subfield code="g">20130408</mx:subfield>
</mx:datafield>
<mx:datafield tag="100" ind1="1" ind2=" ">
<mx:subfield code="a">Thatcher, Margaret</mx:subfield>
</mx:datafield>
<mx:datafield tag="370" ind1=" " ind2=" ">
<mx:subfield code="a">Grantham (England)</mx:subfield>
<mx:subfield code="b">London (England)</mx:subfield>
<mx:subfield code="c">Great Britain</mx:subfield>
<mx:subfield code="2">naf</mx:subfield>
</mx:datafield>
<mx:datafield tag="374" ind1=" " ind2=" ">
<mx:subfield code="a">Prime ministers</mx:subfield>
<mx:subfield code="2">lcsh</mx:subfield>
</mx:datafield>
<mx:datafield tag="377" ind1=" " ind2=" ">
<mx:subfield code="a">eng</mx:subfield>
</mx:datafield>
<mx:datafield tag="400" ind1="1" ind2=" ">
<mx:subfield code="a">Roberts, Margaret Hilda</mx:subfield>
</mx:datafield>
<mx:datafield tag="400" ind1="1" ind2=" ">
<mx:subfield code="a">She-chʻi-erh, Ma-ko-li-tʻe</mx:subfield>
</mx:datafield>
<mx:datafield tag="400" ind1="1" ind2=" ">
<mx:subfield code="a">Tėtcher, M.</mx:subfield>
<mx:subfield code="q">(Margaret)</mx:subfield>
</mx:datafield>
<mx:datafield tag="400" ind1="1" ind2=" ">
<mx:subfield code="a">Tėtcher, Margaret Khilʹda</mx:subfield>
</mx:datafield>
<mx:datafield tag="410" ind1="1" ind2=" ">
<mx:subfield code="a">Great Britain.</mx:subfield>
<mx:subfield code="b">Prime Minister (1979-1990 : Thatcher)</mx:subfield>
<mx:subfield code="w">nne</mx:subfield>
</mx:datafield>
<mx:datafield tag="688" ind1=" " ind2=" ">
<mx:subfield code="a">LC (2022) Subject Usage: 222</mx:subfield>
</mx:datafield>
<mx:datafield tag="688" ind1=" " ind2=" ">
<mx:subfield code="a">WC (2022) Subject Usage: 2,305</mx:subfield>
</mx:datafield>
<mx:datafield tag="700" ind1="1" ind2="0">
<mx:subfield code="a">Thatcher, Margaret</mx:subfield>
<mx:subfield code="0">(DLC)n  50000017 </mx:subfield>
</mx:datafield>
<mx:datafield tag="700" ind1="0" ind2="4">
<mx:subfield code="a">Margaret Thatcher</mx:subfield>
<mx:subfield code="0">http://en.wikipedia.org/wiki/Margaret_Thatcher</mx:subfield>
</mx:datafield>
<mx:datafield tag="700" ind1="1" ind2="0">
<mx:subfield code="a">Thatcher, Margaret</mx:subfield>
<mx:subfield code="0">(viaf)102379347</mx:subfield>
<mx:subfield code="0">https://viaf.org/viaf/102379347</mx:subfield>
</mx:datafield>

</mx:record>
</mx:collection>